@ARTICLE{hughes/itoit:1968,
  author = {G. Hughes},
  journal = {IEEE Transactions on Information Theory},
  title = {On the mean accuracy of statistical pattern recognizers},
  year = {1968},
  volume = {14},
  number = {1},
  pages = {55-63},
  keywords = {Pattern classification},
  doi = {10.1109/TIT.1968.1054102},
  ISSN = {0018-9448},
  month = {January}
}
@ARTICLE{hessam/kpca:2014,
  title = "Nonlinear reduction of combustion composition space with kernel principal component analysis",
  journal = "Combustion and Flame",
  volume = "161",
  number = "1",
  pages = "118 - 126",
  year = "2014",
  issn = "0010-2180",
  doi = "https://doi.org/10.1016/j.combustflame.2013.08.016",
  howpublished = {\url{http://www.sciencedirect.com/science/article/pii/S0010218013003209}},
  author = "Hessam Mirgolbabaei and Tarek Echekki",
  keywords = "Kernel principal component analysis, Principal component analysis, Turbulent nonpremixed flames"
}
@BOOK{john/ofaod:2017,
  author = {John C. Hull},
  title = {Options, Futures, and Other Derivatives},
  publisher = {Pearson},
  address = {London},
  edition =	{Ninth},
  year = {2017}
}
@BOOK{hastie/etal:2009,
  author = {Trevor Hastie, Robert Tibshirani and Jerome Friedman},
  title = {The Elements of Statistical Learning: Data Mining, Inference, and Prediction},
  publisher = {Springer},
  address = {New York},
  edition =	{Second},
  year = {2009}
}
@BOOK{james/itsl:2009,
  author = {Gareth James, Daniela Witten, Trevor Hastie and Robert Tibshirani},
  title = {An Introduction to Statistical Learning, with Applications in R},
  publisher = {Springer},
  address = {New York},
  edition =	{Sixth},
  year = {2015}
}
@BOOK{adam/dpapa:2017,
  author = {Adam Gibson and Josh Patterson},
  title = {Deep Learning - A Practitioner's Approach},
  publisher = {O'Reilly Media},
  edition =	{First},
  year = {2017}
}
@BOOK{bishop/praml:2006,
  author = {Bishop, Christopher},
  title = {Pattern Recognition and Machine Learning},
  publisher = {Springer-Verlag},
  address = {New York},
  edition =	{First},
  ISSN = {1613-9011},
  ISBN = {978-0-387-31073-2},
  year = {2006}
}
@BOOK{aggarwal/data:2013,
  title = {Data Clustering: Algorithms and Applications},
  author = {Aggarwal, C.C. and Reddy, C.K.},
  isbn = {9781466558229},
  lccn = {2013008698},
  series = {Chapman \& Hall/CRC Data Mining and Knowledge Discovery Series},
  year = {2013},
  publisher = {CRC Press}
}
@INBOOK{keogh/cod:2017,
  author = "Keogh, Eamonn
  and Mueen, Abdullah",
  editor = "Sammut, Claude
  and Webb, Geoffrey I.",
  title = "Curse of Dimensionality",
  bookTitle = "Encyclopedia of Machine Learning and Data Mining",
  year = "2017",
  publisher = "Springer US",
  address = "Boston, MA",
  pages = "314--315",
  isbn = "978-1-4899-7687-1",
  doi = "10.1007/978-1-4899-7687-1_192",
  howpublished = {\url{https://doi.org/10.1007/978-1-4899-7687-1_192}}
}
@MISC{wiki/fs:2018,
  author = {Wikipedia contributors},
  title = {Feature Selection --- {W}ikipedia{,} The Free Encyclopedia},
  year = "2018",
  howpublished = {\url{https://en.wikipedia.org/wiki/Feature_selection}},
  note = {[Online; accessed 27-May-2018]}
}
@MISC{wiki/cov:2018,
  author = {Wikipedia contributors},
  title = {Covariance --- {W}ikipedia{,} The Free Encyclopedia},
  year = "2018",
  howpublished = {\url{https://en.wikipedia.org/wiki/Covariance}},
  note = {[Online; accessed 26-May-2018]}
}
@MISC{wiki/dtw:2018,
    author = "{Wikipedia contributors}",
    title = "Dynamic time warping --- {Wikipedia}{,} The Free Encyclopedia",
    year = "2018",
    howpublished = {\url{https://en.wikipedia.org/w/index.php?title=Dynamic_time_warping&oldid=848932991}},
    note = "[Online; accessed 11-August-2018]"
  }
@MISC{ghall/pcc:2015,
  author = {G. Hall},
  title = {Pearsonâ€™s correlation coefficient},
  howpublished = {\url{http://www.hep.ph.ic.ac.uk/~hallg/UG_2015/Pearsons.pdf}},
  year = {2015},
  month = {February}
}
@MISC{alex/sslwrnn:2008,
  author = {Alex Graves},
  title = {Supervised Sequence Labelling with Recurrent Neural Networks},
  howpublished = {\url{https://www.cs.toronto.edu/~graves/preprint.pdf}},
  year = {2008},
  month = {July}
}
@MISC{tslearn,
 title = {tslearn: A machine learning toolkit dedicated to time-series data},
 author = {Tavenard, Romain},
 year = {2017},
 howpublished = {\url{https://github.com/rtavenar/tslearn}},
 note = {[Online; accessed 15-July-2018]}
}
@MISC{scipy,
  author = {Eric Jones and Travis Oliphant and Pearu Peterson and others},
  title = {{SciPy}: Open source scientific tools for {Python}},
  year = {2001--},
  howpublished = {\url{http://www.scipy.org/}},
  note = {[Online; accessed 10-July-2018]}
}
@MISC{cryptocompare,
 title = {CryptoCompare},
 howpublished = {\url{https://min-api.cryptocompare.com/}},
 note = {[Online; accessed 1-July-2018]}
}
@MISC{iextrading,
 title = {IEX API},
 howpublished = {\url{https://iextrading.com/developer/}},
 note = {[Online; accessed 10-August-2018]}
}
@MISC{postgresql,
 title = {PostgreSQL},
 howpublished = {\url{https://www.postgresql.org/}},
 note = {[Online; accessed 20-June-2018]}
}
@MISC{docker,
 title = {Docker},
 howpublished = {\url{https://www.docker.com/}},
 note = {[Online; accessed 21-June-2018]}
}
@MISC{spark,
 title = {Apache Spark},
 howpublished = {\url{https://spark.apache.org/}},
 note = {[Online; accessed 25-June-2018]}
}
@MISC{spring,
 title = {Spring Framework},
 howpublished = {\url{https://spring.io/}},
 note = {[Online; accessed 25-June-2018]}
}
@MISC{jodatime,
 title = {Joda-Time},
 howpublished = {\url{http://www.joda.org/joda-time/}},
 note = {[Online; accessed 25-June-2018]}
}
@MISC{lombok,
 title = {Project Lombok},
 howpublished = {\url{https://projectlombok.org/}},
 note = {[Online; accessed 26-June-2018]}
}
@MISC{gson,
 title = {Gson},
 howpublished = {\url{https://github.com/google/gson}},
 note = {[Online; accessed 1-July-2018]}
}
@MISC{httpcomponents,
 title = {Apache HttpComponents},
 howpublished = {\url{https://hc.apache.org/}},
 note = {[Online; accessed 3-July-2018]}
}
@MISC{git,
 title = {Git},
 howpublished = {\url{https://git-scm.com/}},
 note = {[Online; accessed 1-June-2018]}
}
@MISC{github,
 title = {Github},
 howpublished = {\url{https://github.com/}},
 note = {[Online; accessed 1-June-2018]}
}
@MISC{maven,
 title = {Apache Maven},
 howpublished = {\url{https://maven.apache.org/}},
 note = {[Online; accessed 1-June-2018]}
}